@article{abdi2007kendall,
    title     = {The Kendall rank correlation coefficient},
    author    = {Abdi, Herv{\'e}},
    journal   = {Encyclopedia of measurement and statistics},
    volume    = {2},
    pages     = {508--510},
    year      = {2007},
    publisher = {Sage Thousand Oaks, CA}
}
@article{hauke2011comparison,
    title   = {Comparison of values of Pearson's and Spearman's correlation coefficients on the same sets of data},
    author  = {Hauke, Jan and Kossowski, Tomasz},
    journal = {Quaestiones geographicae},
    volume  = {30},
    number  = {2},
    pages   = {87--93},
    year    = {2011}
}
@article{juna2022water,
    title     = {Water quality prediction using KNN imputer and multilayer perceptron},
    author    = {Juna, Afaq and Umer, Muhammad and Sadiq, Saima and Karamti, Hanen and Eshmawi, Alaâ€™Abdulmajid and Mohamed, Abdullah and Ashraf, Imran},
    journal   = {Water},
    volume    = {14},
    number    = {17},
    pages     = {2592},
    year      = {2022},
    publisher = {MDPI}
}
@article{troyanskaya2001missing,
    title     = {Missing value estimation methods for DNA microarrays},
    author    = {Troyanskaya, Olga and Cantor, Michael and Sherlock, Gavin and Brown, Pat and Hastie, Trevor and Tibshirani, Robert and Botstein, David and Altman, Russ B},
    journal   = {Bioinformatics},
    volume    = {17},
    number    = {6},
    pages     = {520--525},
    year      = {2001},
    publisher = {Oxford University Press}
}
@article{walker1967estimation,
    title     = {Estimation of the probability of an event as a function of several independent variables},
    author    = {Walker, Strother H and Duncan, David B},
    journal   = {Biometrika},
    volume    = {54},
    number    = {1-2},
    pages     = {167--179},
    year      = {1967},
    publisher = {Oxford University Press}
}
@article{pohar2004comparison,
    title     = {Comparison of logistic regression and linear discriminant analysis: a simulation study},
    author    = {Pohar, Maja and Blas, Mateja and Turk, Sandra},
    journal   = {Metodoloski zvezki},
    volume    = {1},
    number    = {1},
    pages     = {143},
    year      = {2004},
    publisher = {Anuska Ferligoj}
}
@article{utgoff1989incremental,
    title     = {Incremental induction of decision trees},
    author    = {Utgoff, Paul E},
    journal   = {Machine learning},
    volume    = {4},
    pages     = {161--186},
    year      = {1989},
    publisher = {Springer}
}
@article{kotsiantis2013decision,
    title     = {Decision trees: a recent overview},
    author    = {Kotsiantis, Sotiris B},
    journal   = {Artificial Intelligence Review},
    volume    = {39},
    pages     = {261--283},
    year      = {2013},
    publisher = {Springer}
}
@article{rosenblatt1958perceptron,
    title     = {The perceptron: a probabilistic model for information storage and organization in the brain.},
    author    = {Rosenblatt, Frank},
    journal   = {Psychological review},
    volume    = {65},
    number    = {6},
    pages     = {386},
    year      = {1958},
    publisher = {American Psychological Association}
}
@article{rumelhart1986learning,
    title     = {Learning representations by back-propagating errors},
    author    = {Rumelhart, David E and Hinton, Geoffrey E and Williams, Ronald J},
    journal   = {nature},
    volume    = {323},
    number    = {6088},
    pages     = {533--536},
    year      = {1986},
    publisher = {Nature Publishing Group UK London}
}
@article{kingma2014adam,
    title   = {Adam: A method for stochastic optimization},
    author  = {Kingma, Diederik P and Ba, Jimmy},
    journal = {arXiv preprint arXiv:1412.6980},
    year    = {2014}
}