@inproceedings{kogan2009predicting,
    title     = {Predicting risk from financial reports with regression},
    author    = {Kogan, Shimon and Levin, Dimitry and Routledge, Bryan R and Sagi, Jacob S and Smith, Noah A},
    booktitle = {Proceedings of human language technologies: the 2009 annual conference of the North American Chapter of the Association for Computational Linguistics},
    pages     = {272--280},
    year      = {2009}
}
@book{nltk-py,
    title     = {Natural Language Processing with Python. },
    author    = {Bird and Steven and Edward Loper and Ewan Klein},
    year      = {2009},
    publisher = {O'Reilly Media Inc.}
}
@article{sparck1972statistical,
    title     = {A statistical interpretation of term specificity and its application in retrieval},
    author    = {Sparck Jones, Karen},
    journal   = {Journal of documentation},
    volume    = {28},
    number    = {1},
    pages     = {11--21},
    year      = {1972},
    publisher = {MCB UP Ltd}
}
@article{robertson2004understanding,
    title     = {Understanding inverse document frequency: on theoretical arguments for IDF},
    author    = {Robertson, Stephen},
    journal   = {Journal of documentation},
    volume    = {60},
    number    = {5},
    pages     = {503--520},
    year      = {2004},
    publisher = {Emerald Group Publishing Limited}
}
@article{lee2000algorithms,
    title   = {Algorithms for non-negative matrix factorization},
    author  = {Lee, Daniel and Seung, H Sebastian},
    journal = {Advances in neural information processing systems},
    volume  = {13},
    year    = {2000}
}
@article{lee1999learning,
    title     = {Learning the parts of objects by non-negative matrix factorization},
    author    = {Lee, Daniel D and Seung, H Sebastian},
    journal   = {nature},
    volume    = {401},
    number    = {6755},
    pages     = {788--791},
    year      = {1999},
    publisher = {Nature Publishing Group UK London}
}
@article{beck2025mind,
    title     = {Mind the naive forecast! a rigorous evaluation of forecasting models for time series with low predictability},
    author    = {Beck, Nico and Dovern, Jonas and Vogl, Stefanie},
    journal   = {Applied Intelligence},
    volume    = {55},
    number    = {6},
    pages     = {395},
    year      = {2025},
    publisher = {Springer}
}
@article{liang2023forecasting,
    title     = {Forecasting China's stock market volatility with shrinkage method: Can Adaptive Lasso select stronger predictors from numerous predictors?},
    author    = {Liang, Chao and Xu, Yongan and Chen, Zhonglu and Li, Xiafei},
    journal   = {International Journal of Finance \& Economics},
    volume    = {28},
    number    = {4},
    pages     = {3689--3699},
    year      = {2023},
    publisher = {Wiley Online Library}
}
@article{li2022forecasting,
    title     = {Forecasting stock market volatility with a large number of predictors: New evidence from the MS-MIDAS-LASSO model},
    author    = {Li, Xiafei and Liang, Chao and Ma, Feng},
    journal   = {Annals of Operations Research},
    pages     = {1--40},
    year      = {2022},
    publisher = {Springer}
}
@article{christensen2023machine,
    title     = {A machine learning approach to volatility forecasting},
    author    = {Christensen, Kim and Siggaard, Mathias and Veliyev, Bezirgen},
    journal   = {Journal of Financial Econometrics},
    volume    = {21},
    number    = {5},
    pages     = {1680--1727},
    year      = {2023},
    publisher = {Oxford University Press}
}